@INPROCEEDINGS{1013341,  
	author={Altug, E. and Ostrowski, J.P. and Mahony, R.},  
	booktitle={Proceedings 2002 IEEE International Conference on Robotics and Automation (Cat. No.02CH37292)},   
	title={Control of a quadrotor helicopter using visual feedback},   
	year={2002},  
	volume={1},  
	number={},  
	pages={72-77 vol.1},  
	doi={10.1109/ROBOT.2002.1013341}
}

@techreport{bouabdallah2007design,
	title={Design and control of quadrotors with application to autonomous flying},
	author={Bouabdallah, Samir},
	year={2007},
	institution={Epfl}
}

@article{alexis2011switching,
	title={Switching model predictive attitude control for a quadrotor helicopter subject to atmospheric disturbances},
	author={Alexis, Kostas and Nikolakopoulos, George and Tzes, Anthony},
	journal={Control Engineering Practice},
	volume={19},
	number={10},
	pages={1195--1207},
	year={2011},
	publisher={Elsevier}
}

@article{leishman2014quadrotors,
	title={Quadrotors and accelerometers: State estimation with an improved dynamic model},
	author={Leishman, Robert C and Macdonald, John C and Beard, Randal W and McLain, Timothy W},
	journal={IEEE Control Systems Magazine},
	volume={34},
	number={1},
	pages={28--41},
	year={2014},
	publisher={IEEE}
}



@article{mellinger2012trajectory,
	title={Trajectory generation and control for precise aggressive maneuvers with quadrotors},
	author={Mellinger, Daniel and Michael, Nathan and Kumar, Vijay},
	journal={The International Journal of Robotics Research},
	volume={31},
	number={5},
	pages={664--674},
	year={2012},
	publisher={SAGE Publications Sage UK: London, England}
}

@article{lee2009feedback,
	title={Feedback linearization vs. adaptive sliding mode control for a quadrotor helicopter},
	author={Lee, Daewon and Kim, H Jin and Sastry, Shankar},
	journal={International Journal of control, Automation and systems},
	volume={7},
	number={3},
	pages={419--428},
	year={2009},
	publisher={Springer}
}

@article{mu2019learning,
	title={Learning-based robust tracking control of quadrotor with time-varying and coupling uncertainties},
	author={Mu, Chaoxu and Zhang, Yong},
	journal={IEEE transactions on neural networks and learning systems},
	volume={31},
	number={1},
	pages={259--273},
	year={2019},
	publisher={IEEE}
}

@article{castillo2019disturbance,
	title={Disturbance observer-based quadrotor attitude tracking control for aggressive maneuvers},
	author={Castillo, Alberto and Sanz, Ricardo and Garcia, Pedro and Qiu, Wei and Wang, Hongda and Xu, Chao},
	journal={Control Engineering Practice},
	volume={82},
	pages={14--23},
	year={2019},
	publisher={Elsevier}
}


@article{DenisKotarski2016CDFU,
author = {Denis Kotarski and Zoran Benić and Matija Krznar},
issn = {1334-4684},
journal = {Interdisciplinary Description of Complex Systems},
number = {2},
pages = {236-245},
publisher = {Croatian Interdisciplinary Society},
title = {CONTROL DESIGN FOR UNMANNED AERIAL VEHICLES WITH FOUR ROTORS},
url = {https://doaj.org/article/4d807733971a496c84bddbaf55fcbaa4},
volume = {14},
year = {2016}
}

@article{FanniMohamed2017AN6Q,
author = {Fanni, Mohamed and Khalifa, Ahmed},
issn = {1083-4435},
journal = {IEEE/ASME Transactions on Mechatronics},
number = {3},
pages = {1315-1326},
publisher = {IEEE},
title = {A New 6-DOF Quadrotor Manipulation System: Design, Kinematics, Dynamics, and Control},
volume = {22},
year = {2017}
}

@article{FarameeVeeravat2014EotS,
author = {Faramee, Veeravat and Sangveraphunsiri, Viboon},
address = {Zurich},
isbn = {978-3-03835-205-1},
issn = {16609336},
journal = {Applied Mechanics and Materials},
number = {Mechanical and Electrical Technology VI},
pages = {267-272},
publisher = {Trans Tech Publications Ltd.},
title = {Experiment of the State Variable Feedback for a Quadrotor},
url = {http://search.proquest.com/docview/1825996320/},
volume = {619},
year = {2014}
}

@article{ZoranBenic2016MMoU,
author = {Zoran Benić and Petar Piljek and Denis Kotarski},
issn = {1334-4684},
journal = {Interdisciplinary Description of Complex Systems},
number = {1},
pages = {88-100},
publisher = {Croatian Interdisciplinary Society},
title = {Mathematical Modelling of Unmanned Aerial Vehicles with Four Rotors},
url = {https://doaj.org/article/75415e3ad6684e46af0a429f83354a1a},
volume = {14},
year = {2016}
}

@inproceedings{KhalifaA2012Maco,
author = {Khalifa, A and Fanni, M and Ramadan, A and Abo-Ismail, Ahmed},
booktitle = {2012 First International Conference on Innovative Engineering Systems},
isbn = {9781467344401},
keywords = {Aerial Manipulation ; Quadrotor ; 2-Link Manipulator ; Feedback Linearization ; Demining Devices},
language = {eng},
pages = {109-114},
publisher = {IEEE},
title = {Modeling and control of a new quadrotor manipulation system},
year = {2012}
}

@inproceedings{HaomiaoHuang2009Aaco,
author = {Haomiao Huang and Hoffmann, G.M and Waslander, S.L and Tomlin, C.J},
booktitle = {2009 IEEE International Conference on Robotics and Automation},
isbn = {9781424427888},
issn = {10504729},
pages = {3277-3282},
publisher = {IEEE},
title = {Aerodynamics and control of autonomous quadrotor helicopters in aggressive maneuvering},
year = {2009}
}

@article{IncremonaGianPaolo2017SMCo,
author = {Incremona, Gian Paolo and Rubagotti, Matteo and Ferrara, Antonella},
issn = {0018-9286},
journal = {IEEE transactions on automatic control},
number = {6},
pages = {2965-2972},
publisher = {IEEE},
title = {Sliding Mode Control of Constrained Nonlinear Systems},
volume = {62},
year = {2017}
}

@article{NguyenNgocPhi2018FCoQ,
author = {Nguyen, Ngoc Phi and Hong, Sung Kyung},
issn = {1996-1073},
journal = {Energies (Basel)},
number = {1},
pages = {95-},
publisher = {MDPI AG},
title = {Fault-tolerant Control of Quadcopter UAVs Using Robust Adaptive Sliding Mode Approach},
volume = {12},
year = {2018}
}

@article{GonzalezIvan2014CSMA,
author = {González, Iván and González, Iván and Salazar, Sergio and Salazar, Sergio and Lozano, Rogelio and Lozano, Rogelio},
address = {Dordrecht},
copyright = {Springer Science+Business Media Dordrecht 2013},
issn = {0921-0296},
journal = {Journal of intelligent & robotic systems},
number = {1},
pages = {137-155},
publisher = {Springer Netherlands},
title = {Chattering-Free Sliding Mode Altitude Control for a Quad-Rotor Aircraft: Real-Time Application},
volume = {73},
year = {2014}
}

@article{XiuChunbo2018SMCB,
issn = {2169-3536},
journal = {IEEE access},
keywords = {Attitude control ; Force ; Wheels ; DC motors ; Automobiles ; Dynamic model ; Vehicle dynamics ; Sliding mode control ; transport vehicle ; sliding mode control},
language = {eng},
pages = {33819-33825},
publisher = {IEEE},
title = {Sliding Mode Control Based on Dynamic Model for Transport Vehicle},
volume = {6},
year = {2018}
}

@book{greenwood_2003, 
place={Cambridge}, 
title={Advanced Dynamics}, 
DOI={10.1017/CBO9780511800207}, 
publisher={Cambridge University Press}, 
author={Greenwood, Donald T.}, 
year={2003}
}


