@article{fanni2017new,
	title={A new 6-DOF quadrotor manipulation system: Design, kinematics, dynamics, and control},
	author={Fanni, Mohamed and Khalifa, Ahmed},
	journal={IEEE/ASME Transactions on Mechatronics},
	volume={22},
	number={3},
	pages={1315--1326},
	year={2017},
	publisher={IEEE}
}



@article{DenisKotarski2016CDFU,
author = {Denis Kotarski and Zoran Benić and Matija Krznar},
journal = {Interdisciplinary Description of Complex Systems},
number = {2},
pages = {236-245},
publisher = {Croatian Interdisciplinary Society},
title = {CONTROL DESIGN FOR UNMANNED AERIAL VEHICLES WITH FOUR ROTORS},
url = {https://doaj.org/article/4d807733971a496c84bddbaf55fcbaa4},
volume = {14},
year = {2016}
}



@article{FarameeVeeravat2014EotS,
author = {Faramee, Veeravat and Sangveraphunsiri, Viboon},
address = {Zurich},
journal = {Applied Mechanics and Materials},
number = {Mechanical and Electrical Technology VI},
pages = {267-272},
publisher = {Trans Tech Publications Ltd.},
title = {Experiment of the State Variable Feedback for a Quadrotor},
url = {http://search.proquest.com/docview/1825996320/},
volume = {619},
year = {2014}
}

@article{ZoranBenic2016MMoU,
author = {Zoran Benić and Petar Piljek and Denis Kotarski},
issn = {1334-4684},
journal = {Interdisciplinary Description of Complex Systems},
number = {1},
pages = {88-100},
publisher = {Croatian Interdisciplinary Society},
title = {Mathematical Modelling of Unmanned Aerial Vehicles with Four Rotors},
url = {https://doaj.org/article/75415e3ad6684e46af0a429f83354a1a},
volume = {14},
year = {2016}
}

@inproceedings{KhalifaA2012Maco,
author = {Khalifa, A and Fanni, M and Ramadan, A and Abo-Ismail, Ahmed},
booktitle = {2012 First International Conference on Innovative Engineering Systems},
pages = {109-114},
publisher = {IEEE},
title = {Modeling and control of a new quadrotor manipulation system},
year = {2012}
}

@inproceedings{HaomiaoHuang2009Aaco,
author = {Haomiao Huang and Hoffmann, G.M and Waslander, S.L and Tomlin, C.J},
booktitle = {2009 IEEE International Conference on Robotics and Automation},
pages = {3277-3282},
publisher = {IEEE},
title = {Aerodynamics and control of autonomous quadrotor helicopters in aggressive maneuvering},
year = {2009}
}

@article{IncremonaGianPaolo2017SMCo,
author = {Incremona, Gian Paolo and Rubagotti, Matteo and Ferrara, Antonella},
journal = {IEEE transactions on automatic control},
number = {6},
pages = {2965-2972},
publisher = {IEEE},
title = {Sliding Mode Control of Constrained Nonlinear Systems},
volume = {62},
year = {2017}
}

@article{NguyenNgocPhi2018FCoQ,
author = {Nguyen, Ngoc Phi and Hong, Sung Kyung},
journal = {Energies (Basel)},
number = {1},
pages = {95-},
publisher = {MDPI AG},
title = {Fault-tolerant Control of Quadcopter UAVs Using Robust Adaptive Sliding Mode Approach},
volume = {12},
year = {2018}
}

@article{GonzalezIvan2014CSMA,
author = {González, Iván and González, Iván and Salazar, Sergio and Salazar, Sergio and Lozano, Rogelio and Lozano, Rogelio},
address = {Dordrecht},
journal = {Journal of intelligent & robotic systems},
number = {1},
pages = {137-155},
publisher = {Springer Netherlands},
title = {Chattering-Free Sliding Mode Altitude Control for a Quad-Rotor Aircraft: Real-Time Application},
volume = {73},
year = {2014}
}

@article{XiuChunbo2018SMCB,
journal = {IEEE access},
keywords = {Attitude control ; Force ; Wheels ; DC motors ; Automobiles ; Dynamic model ; Vehicle dynamics ; Sliding mode control ; transport vehicle ; sliding mode control},
pages = {33819-33825},
publisher = {IEEE},
title = {Sliding Mode Control Based on Dynamic Model for Transport Vehicle},
volume = {6},
year = {2018}
}

@book{greenwood_2003, 
place={Cambridge}, 
title={Advanced Dynamics}, 
DOI={10.1017/CBO9780511800207}, 
publisher={Cambridge University Press}, 
author={Greenwood, Donald T.}, 
year={2003}
}


